@article{Campana2004,
  author = {Campana, S.E. and Joyce, W. and Manning, M.J.},
  title = {Growth and reproductive patterns of blue shark ({Prionace} glauca) in the northwest {Atlantic}},
  journal = {Marine and Freshwater Research},
  year = {2004},
  volume = {55},
  pages = {109-118}
}

@article{Stevens2010,
  author = {Stevens, J. D. and Bonfil, R. and Dulvy, N. K. and Walker, P. A.},
  title = {The effects of fishing on sharks, rays, and chimaeras (chondrichthyans), and the implications for marine ecosystems},
  journal = {ICES Journal of Marine Science},
  year = {2010},
  volume = {57},
  pages = {476-494}
}

@article{Heithaus2008,
  author = {Heithaus, M. R. and Frid, A. and Wirsing, A. J. and Worm, B.},
  title = {Predicting ecological consequences of marine top predator declines},
  journal = {Trends in Ecology & Evolution},
  year = {2008},
  volume = {23},
  number = {4},
  pages = {202-210}
}

@article{Queiroz2019,
  author = {Queiroz, N. and Humphries, N.E. and Couto, A. and Vedor, M. and da Costa, I. and Sequeira, A.M.},
  title = {Global spatial risk assessment of sharks under the footprint of fisheries},
  journal = {Nature},
  year = {2019},
  volume = {572},
  pages = {461-466}
}
